@misc{ChristieAschwanden,
  title = {Five reasons why COVID herd immunity is probably impossible},
  howpublished = {\url{https://www.nature.com/articles/d41586-021-00728-2}},
  note = {Accessed: 2021-03-18}
}

@article{chen2021effect,
  title={The effect of vaccination rates on the infection of COVID-19 under the vaccination rate below the herd immunity threshold},
  author={Chen, Yi-Tui},
  journal={International Journal of Environmental Research and Public Health},
  volume={18},
  number={14},
  pages={7491},
  year={2021},
  publisher={Multidisciplinary Digital Publishing Institute}
}

@misc{wiki,
  title = {Herd immunity},
  howpublished = {\url{https://en.wikipedia.org/wiki/Herd_immunity}}
}


@misc{ourworldindata,
  title = {Coronavirus (COVID-19) Vaccinations},
  howpublished = {\url{https://ourworldindata.org/covid-vaccinations?country=FIN~HKG~PRT~DEU~JPN}}
}